% Encoding: windows-1252


@InCollection{Artmeier2010,
  Title                    = {The shortest path problem revisited: Optimal routing for electric vehicles},
  Author                   = {Artmeier, Andreas and Haselmayr, Julian and Leucker, Martin and Sachenbacher, Martin},
  Booktitle                = {KI 2010: Advances in Artificial Intelligence},
  Publisher                = {Springer},
  Year                     = {2010},
  Pages                    = {309--316},

  Owner                    = {CarlosF},
  Timestamp                = {2014.12.01},
  Url                      = {http://link.springer.com/chapter/10.1007/978-3-642-16111-7_35}
}

@InProceedings{Bento2012,
  Title                    = {Intelligent traffic management at intersections supported by V2{V} and V2I communications},
  Author                   = {Bento, L.C. and Parafita, R. and Nunes, U.},
  Booktitle                = {Intelligent Transportation Systems (ITSC), 2012 15th International IEEE Conference on},
  Year                     = {2012},
  Pages                    = {1495--1502},
  Doi                      = {10.1109/ITSC.2012.6338766},
  Owner                    = {CarlosF},
  Timestamp                = {2014.12.03}
}

@InProceedings{bouraoui2011,
  Title                    = {{An on-demand personal automated transport system: The CityMobil demonstration in La Rochelle}},
  Author                   = {Bouraoui, Laurent and Boussard, Cl{\'e}ment and Charlot, Fran{\c c}ois and Holguin, Carlos and Nashashibi, Fawzi and Parent, Michel, Null and Resende, Paulo},
  Booktitle                = {{IV'2011 : IEEE Intelligent Vehicles Symposium}},
  Year                     = {2011},

  Address                  = {Baden-Baden, Allemagne},
  Month                    = Jun,

  Affiliation              = {IMARA - INRIA Rocquencourt , Centre de CAO et Robotique - CAOR},
  Audience                 = {internationale },
  Hal_id                   = {inria-00625980},
  Keywords                 = {Cities and towns , Global Positioning System , Planning , Simultaneous localization and mapping , Trajectory , Vehicles},
  Language                 = {Anglais},
  Owner                    = {imara},
  Timestamp                = {2014.12.01},
  Type                     = {Poster},
  Url                      = {http://hal.inria.fr/inria-00625980}
}

@Article{Burke2007,
  Title                    = {Batteries and Ultracapacitors for Electric, Hybrid, and Fuel Cell Vehicles},
  Author                   = {Burke, Andrew F.},
  Journal                  = IEEE_J_PROC,
  Year                     = {2007},
  Number                   = {4},
  Pages                    = {806--820},
  Volume                   = {95},

  Doi                      = {10.1109/JPROC.2007.892490},
  Owner                    = {CarlosF},
  Timestamp                = {2014.11.21},
  Url                      = {http://ieeexplore.ieee.org/stamp/stamp.jsp?arnumber=4168012}
}

@InProceedings{Cerovsky2008,
  Title                    = {Hybrid electric cars, combustion engine driven cars and their impact on environment},
  Author                   = {Cerovsky, Z. and Mindl, P.},
  Booktitle                = {Power Electronics, Electrical Drives, Automation and Motion, 2008. SPEEDAM 2008. International Symposium on},
  Year                     = {2008},
  Pages                    = {739--743},

  Doi                      = {10.1109/SPEEDHAM.2008.4581321},
  Owner                    = {CarlosF},
  Timestamp                = {2014.11.20},
  Url                      = {http://ieeexplore.ieee.org/stamp/stamp.jsp?arnumber=4581321}
}

@InProceedings{Chrenko2014,
  Title                    = {Autonomy estimation for {EV} based on road planning software},
  Author                   = {Chrenko, Daniela and Ravey, Alexandre and Roche, Robin and Bouquain, David},
  Booktitle                = {Transportation Electrification Conference and Expo (ITEC), 2014 IEEE},
  Year                     = {2014},
  Pages                    = {1--4},

  Doi                      = {10.1109/ITEC.2014.6861815},
  Owner                    = {CarlosF},
  Timestamp                = {2014.11.20},
  Url                      = {http://ieeexplore.ieee.org/stamp/stamp.jsp?arnumber=6861815}
}

@Article{Clanton2009,
  Title                    = {A Low-Cost Solution for an Integrated Multisensor Lane Departure Warning System},
  Author                   = {Clanton, J.M. and Bevly, D.M. and Hodel, A.S.},
  Journal                  = IEEE_J_ITS,
  Year                     = {2009},
  Number                   = {1},
  Pages                    = {47--59},
  Volume                   = {10},
  Doi                      = {10.1109/TITS.2008.2011690},
  Owner                    = {CarlosF},
  Timestamp                = {2014.12.03},
  Url                      = {http://ieeexplore.ieee.org/stamp/stamp.jsp?arnumber=4770205}
}

@InProceedings{Eggert2014,
  Title                    = {Predictive risk estimation for intelligent ADAS functions},
  Author                   = {Eggert, Julian},
  Booktitle                = {Intelligent Transportation Systems (ITSC), 2014 IEEE 17th International Conference on},
  Year                     = {2014},
  Pages                    = {711--718},
  Doi                      = {10.1109/ITSC.2014.6957773},
  Owner                    = {CarlosF},
  Timestamp                = {2014.12.03},
  Url                      = {http://ieeexplore.ieee.org/stamp/stamp.jsp?arnumber=6957773}
}

@InProceedings{Gonzalez2013,
  Title                    = {Control architecture for Cybernetic Transportation Systems in urban environments},
  Author                   = {Gonzalez, D. and Perez, J.},
  Booktitle                = {Intelligent Vehicles Symposium (IV), 2013 IEEE},
  Year                     = {2013},
  Pages                    = {1119--1124},

  Abstract                 = {Nowadays, the insertion of Intelligent Transportation System (ITS) in the society is a fact, due to a big number of projects, demonstrations and researches that have been carried out around the world. The Cybernetic Transportation Systems (CTS) are part of the ITS, and these have especial attention thanks to its versatility, adaptability and clean energy characteristics. This paper aims to describe the evolution of the on-demand door-to-door transport systems, with Cybercars, in the framework of the IMARA team. A review of different approaches and the description of the last projects and scenarios with CTSs are considered. This work focuses in a new approach that contemplates a modular architecture, which allows parametric curve generation in real time, considering the different environment conditions-obstacle detections, shape of the road, among others. This architecture has been tested in simulations. These results promise good behavior for its future implementation in real urban scenarios, in the framework of the CityMobil2 project \textsuperscript{1}.},
  Doi                      = {10.1109/IVS.2013.6629616},
  Owner                    = {CarlosF},
  Timestamp                = {2014.11.20},
  Url                      = {http://ieeexplore.ieee.org/stamp/stamp.jsp?arnumber=6629616}
}

@InProceedings{Graham2006,
  Title                    = {Greenhouse Gas Emissions from Light Duty Vehicles Under a Variety of Driving Conditions},
  Author                   = {Graham, L.A.},
  Booktitle                = {EIC Climate Change Technology, 2006 IEEE},
  Year                     = {2006},
  Pages                    = {1--8},

  Doi                      = {10.1109/EICCCC.2006.277273},
  Owner                    = {CarlosF},
  Timestamp                = {2014.11.20},
  Url                      = {http://ieeexplore.ieee.org/stamp/stamp.jsp?arnumber=4057302}
}

@InProceedings{Han2010,
  Title                    = {B{\'e}zier curve based path planning for autonomous vehicle in urban environment},
  Author                   = {Han, L. and Yashiro, H. and Nejad, H.T.N. and Do, Q.H. and Mita, S.},
  Booktitle                = {Intelligent Vehicles Symposium (IV), 2010 IEEE},
  Year                     = {2010},
  Organization             = {IEEE},
  Pages                    = {1036--1042},

  Owner                    = {David Enrique},
  Timestamp                = {2013.02.09},
  Url                      = {http://ieeexplore.ieee.org/xpls/abs_all.jsp?arnumber=5548085}
}

@InProceedings{Ito2002,
  Title                    = {Study on the method to control the autonomous vehicle by using {DGPS}},
  Author                   = {Ito, M. and Kobayashi, K. and Watanabe, K.},
  Booktitle                = {SICE 2002. Proceedings of the 41st SICE Annual Conference},
  Year                     = {2002},
  Pages                    = {2382--2384},
  Volume                   = {4},

  __markedentry            = {[CarlosF:6]},
  Doi                      = {10.1109/SICE.2002.1195782},
  Owner                    = {CarlosF},
  Timestamp                = {2014.12.03},
  Url                      = {http://ieeexplore.ieee.org/stamp/stamp.jsp?arnumber=1195782}
}

@Article{Jurik2014,
  Title                    = {Energy Optimal Real-Time Navigation System},
  Author                   = {Jurik, T. and Cela, A. and Hamouche, R. and Natowicz, R. and Reama, A. and Niculescu, S.-I. and Julien, J.},
  Journal                  = IEEE_M_ITS,
  Year                     = {2014},
  Number                   = {3},
  Pages                    = {66--79},
  Volume                   = {6},

  Doi                      = {10.1109/MITS.2014.2324000},
  Owner                    = {CarlosF},
  Timestamp                = {2014.11.20},
  Url                      = {http://ieeexplore.ieee.org/stamp/stamp.jsp?arnumber=6861526}
}

@InProceedings{Jurik2013,
  Title                    = {Energy optimal real-time navigation system: Application to a hybrid electrical vehicle},
  Author                   = {Jurik, T. and Cela, A. and Hamouche, R. and Reama, A. and Natowicz, R. and Niculescu, S.I. and Villedieu, C. and Pachetau, D.},
  Booktitle                = {Intelligent Transportation Systems - (ITSC), 2013 16th International IEEE Conference on},
  Year                     = {2013},
  Pages                    = {1947--1952},

  Doi                      = {10.1109/ITSC.2013.6728514},
  Owner                    = {CarlosF},
  Timestamp                = {2014.11.20},
  Url                      = {http://ieeexplore.ieee.org/stamp/stamp.jsp?arnumber=6728514}
}

@Article{Kamal2010,
  Title                    = {Ecological driver assistance system using model-based anticipation of vehicle--road--traffic information},
  Author                   = {Kamal, MAS and Mukai, M and Murata, J and Kawabe, T},
  Journal                  = {IET intelligent transport systems},
  Year                     = {2010},
  Number                   = {4},
  Pages                    = {244--251},
  Volume                   = {4},
  Owner                    = {CarlosF},
  Publisher                = {IET},
  Timestamp                = {2014.12.01},
  Url                      = {http://digital-library.theiet.org/content/journals/10.1049/iet-its.2009.0127}
}

@InProceedings{Kim2009,
  Title                    = {Design of an Adaptive Cruise Control / Collision Avoidance with lane change support for vehicle autonomous driving},
  Author                   = {Dongwook Kim and Seungwuk Moon and Jaemann Park and Kim, H.J. and Kyongsu Yi},
  Booktitle                = {ICCAS-SICE, 2009},
  Year                     = {2009},
  Pages                    = {2938--2943},
  Owner                    = {CarlosF},
  Timestamp                = {2014.12.03},
  Url                      = {http://ieeexplore.ieee.org/stamp/stamp.jsp?arnumber=5333840}
}

@Book{Lopez2012,
  Title                    = {Herramienta para Dise$\tilde{n}$o de Controladores Difusos para Conducci{\'o}n Autom{\'a}tica de Veh{\'i}culos},
  Author                   = {Hilda Marina L{\'o}pez},
  Year                     = {2012},

  Owner                    = {CarlosF},
  Timestamp                = {2014.12.01}
}

@Article{Larsson2014,
  Title                    = {Commuter Route Optimized Energy Management of Hybrid Electric Vehicles},
  Author                   = {Larsson, V. and Johannesson, L. and Egardt, B. and Karlsson, S.},
  Journal                  = {IEEE Transactions on Intelligent Transportation Systems},
  Year                     = {2014},
  Number                   = {3},
  Pages                    = {1145--1154},
  Volume                   = {15},

  Owner                    = {Milanes},
  Timestamp                = {2014.10.20}
}

@InProceedings{Lategahn2011,
  Title                    = {Visual {SLAM} for autonomous ground vehicles},
  Author                   = {Lategahn, H. and Geiger, A. and Kitt, B.},
  Booktitle                = {Robotics and Automation (ICRA), 2011 IEEE International Conference on},
  Year                     = {2011},
  Pages                    = {1732--1737},

  Doi                      = {10.1109/ICRA.2011.5979711},
  Owner                    = {CarlosF},
  Timestamp                = {2014.12.01},
  Url                      = {http://ieeexplore.ieee.org/stamp/stamp.jsp?arnumber=5979711}
}

@InProceedings{Li2011,
  Title                    = {A real time traffic light control scheme for reducing vehicles {CO2} emissions},
  Author                   = {Chunxiao Li and Shimamoto, S.},
  Booktitle                = {Consumer Communications and Networking Conference (CCNC), 2011 IEEE},
  Year                     = {2011},
  Pages                    = {855--859},

  Doi                      = {10.1109/CCNC.2011.5766627},
  Owner                    = {CarlosF},
  Timestamp                = {2014.11.20},
  Url                      = {http://ieeexplore.ieee.org/stamp/stamp.jsp?arnumber=5766627}
}

@InProceedings{Marano2009,
  Title                    = {Lithium-ion batteries life estimation for plug-in hybrid electric vehicles},
  Author                   = {Marano, V. and Onori, S. and Guezennec, Y. and Rizzoni, G. and Madella, N.},
  Booktitle                = {Vehicle Power and Propulsion Conference, 2009. VPPC '09. IEEE},
  Year                     = {2009},
  Pages                    = {536--543},

  Doi                      = {10.1109/VPPC.2009.5289803},
  Owner                    = {CarlosF},
  Timestamp                = {2014.11.21},
  Url                      = {http://ieeexplore.ieee.org/stamp/stamp.jsp?arnumber=5289803}
}

@Article{Markoff2010,
  Title                    = {Google cars drive themselves, in traffic},
  Author                   = {Markoff, John},
  Journal                  = {The New York Times},
  Year                     = {2010},
  Pages                    = {A1},
  Volume                   = {10},
  Owner                    = {CarlosF},
  Timestamp                = {2014.12.03}
}

@PhdThesis{TesisPerez2012,
  Title                    = {{Agentes de control de veh{\'\i}culos aut{\'o}nomos en entornos urbanos y autov{\'\i}as}},
  Author                   = {P{\'e}rez Rastelli, Joshu{\'e}},
  School                   = {Universidad Complutense de Madrid},
  Year                     = {2012},
  Month                    = Mar,
  Type                     = {Tesis Doctoral},

  Abstract                 = {{Las investigaciones realizadas en los {\'u}ltimos a{\\~n}os en el campo de los sistemas de transporte inteligente (ITS) en sistemas de asistencia a la conducci{\'o}n (ADAS), infraestructuras inteligentes y conducci{\'o}n aut{\'o}noma de veh{\'\i}culos han impulsado de manera decisiva la implantaci{\'o}n de sistemas inteligentes en el transporte por carretera. Gracias a las investigaciones realizadas por diversos grupos y proyectos a nivel mundial, as{\'\i} como al desarrollo tecnol{\'o}gico de los {\'u}ltimos a{\\~n}os, es posible encontrar en la actualidad veh{\'\i}culos m{\'a}s seguros y confortables. Son muchas las aplicaciones que se han implementado en veh{\'\i}culos comerciales. Cabe citar los sistemas de antibloqueo de frenos (ABS), control de crucero (CC), ayudas para el aparcamiento o el control de estabilidad (ESC), entre otras. No es ut{\'o}pico pensar que en un futuro cercano los veh{\'\i}culos aut{\'o}nomos estar{\'a}n conviviendo con los veh{\'\i}culos convencionales, comunic{\'a}ndose e interactuando entre ellos. En esta tesis se presenta el desarrollo de diferentes sistemas de control para veh{\'\i}culos aut{\'o}nomos que permiten gestionar maniobras individuales y cooperativas en diferentes escenarios urbanos y en autov{\'\i}as. Primero se describen las contribuciones hechas en el control lateral y longitudinal, utilizando tanto t{\'e}cnicas de control cl{\'a}sico como t{\'e}cnicas de inteligencia artificial, fundamentalmente control borroso y neuro-borroso. En una segunda parte del trabajo se describen una serie de experimentos que validan los sistemas de control propuestos. Por ese motivo se han considerado las diferentes plataformas de pruebas con las que cuenta el programa AUTOP{\'I}A. Conjuntamente, estudios realizados en el estado de la t{\'e}cnica, as{\'\i} como el manejo de entornos virtuales, han permitido validar los resultados presentados en esta tesis. Los cuales, en su totalidad han sido probados en veh{\'\i}culos reales en pista de pruebas dedicadas, as{\'\i} como en carreteras reales. Esta arquitectura de control para veh{\'\i}culos aut{\'o}nomos busca ser independiente de los veh{\'\i}culos y de los escenarios utilizados. En este sentido se han utilizado veh{\'\i}culos el{\'e}ctricos e impulsados a gasolina para entornos urbanos, esto es: segmentos rectos y curvos, calles con doble sentido, rotondas, salidas de calles bloqueadas y comunicaciones con la infraestructura y entre veh{\'\i}culos. Por otra parte, se presentan experimentos a mayor velocidad, usando veh{\'\i}culos de propulsi{\'o}n a gasolina, donde se han ajustado los controladores borrosos que primero fueron probados a bajas velocidades. Gracias a estas aportaciones, el equipo AUTOP{\'I}A ha podido participar en la primera competici{\'o}n de veh{\'\i}culos aut{\'o}nomos a nivel europeo: el GCDC 2011. Entre las principales contribuciones de esta tesis destaca el sistema de control lateral en cascada para veh{\'\i}culos aut{\'o}nomos, el cual permite trasladar de forma m{\'a}s eficiente el conocimiento humano a la conducci{\'o}n en entornos urbanos. Adem{\'a}s, este sistema de control es de f{\'a}cil sinton{\'\i}a, siendo extrapolable a todo tipo de maniobras, como la marcha atr{\'a}s y las rotondas. Por otro lado, el control longitudinal neuro-borroso permite mejorar los resultados obtenidos utilizando controladores cl{\'a}sicos y borrosos, gracias a la introducci{\'o}n de nuevas variables de control y el conocimiento de conductores expertos.}},
  Affiliation              = {IMARA - INRIA Rocquencourt},
  File                     = {rdx.pdf:http\://tel.archives-ouvertes.fr/tel-00732953/PDF/rdx.pdf:PDF},
  Hal_id                   = {tel-00732953},
  Keywords                 = {Control lateral y longitudinal; logica difusa; entornos urbanos y autovias; veh{\'\i}culos aut{\'o}nomos.},
  Language                 = {Espagnol},
  Owner                    = {CarlosF},
  Timestamp                = {2014.12.01},
  Url                      = {http://tel.archives-ouvertes.fr/tel-00732953}
}

@TechReport{Parent2003,
  Title                    = {CyberCars: Review of first projects},
  Author                   = {Parent, M. and Gallis, G. and Alessandrini, A. and Chanard, T.},
  Institution              = {Inria,University of Rome and GEA- Lausanne},
  Year                     = {2003},

  Owner                    = {imara},
  Timestamp                = {2012.10.23}
}

@Article{USDPaper,
  Title                    = {Eco-Vehicle Speed Control at Signalized Intersections using I2V Communication},
  Author                   = {Rakha, Hesham and Ahn, Kyoungho and Kamalanathsharma, Raj Kishore},
  Year                     = {2012},

  Owner                    = {CarlosF},
  Timestamp                = {2014.12.01}
}

@InProceedings{Rastelli2014,
  Title                    = {Dynamic trajectory generation using continuous-curvature algorithms for door to door assistance vehicles},
  Author                   = {Rastelli, J.P. and Lattarulo, R. and Nashashibi, F.},
  Booktitle                = {Intelligent Vehicles Symposium Proceedings, 2014 IEEE},
  Year                     = {2014},
  Pages                    = {510--515},

  Abstract                 = {In this paper, an algorithm for dynamic path generation in urban environments is presented, taking into account structural and sudden changes in straight and bend segments (e.g. roundabouts and intersections). The results present some improvements in path generation (previously hand plotted) considering parametric equations and continuous-curvature algorithms, which guarantees a comfortable lateral acceleration. This work is focused on smooth and safe path generation using road and obstacle detection information. Finally, some simulation results show a good performance of the algorithm using different ranges of urban curves. The main contribution is an Intelligent Trajectory Generator, which considers infrastructure and vehicle information. This method is recently used in the framework of the project CityMobil2\textsuperscript{1}, for urban autonomous guidance of Cybercars.},
  Doi                      = {10.1109/IVS.2014.6856526},
  Owner                    = {CarlosF},
  Timestamp                = {2014.11.20},
  Url                      = {http://ieeexplore.ieee.org/stamp/stamp.jsp?arnumber=6856526}
}

@InProceedings{Resende2012,
  Title                    = {A Cooperative Personal Automated Transport System-A CityMobil Demonstration in Rocquencourt},
  Author                   = {Resende, Paulo and Nashashibi, Fawzi and Charlot, Fran{\c{c}}ois and Holguin, Carlos and Bouraoui, Laurent and Parent, Michel and others},
  Booktitle                = {IEEE International Conference on Control, Automation, Robotics and Vision (ICARCV)},
  Year                     = {2012},
  Owner                    = {CarlosF},
  Timestamp                = {2014.12.01},
  Url                      = {http://hal.inria.fr/hal-00732860/}
}

@InProceedings{Rojas2013,
  Title                    = {Fuzzy logic techniques for Cybercars: a control and decision approach.},
  Author                   = {Rojas, Michelena Oriana and Rastelli, Joshu{\'e} P{\'e}rez and Fawzi, Nashashibi and others},
  Booktitle                = {22{\`e}mes rencontres francophones sur la Logique Floue et ses Applications (LFA 2013)},
  Year                     = {2013},

  Owner                    = {CarlosF},
  Timestamp                = {2014.12.01},
  Url                      = {http://hal.inria.fr/hal-00913106/}
}

@InProceedings{Sachenbacher2011,
  Title                    = {Efficient Energy-Optimal Routing for Electric Vehicles.},
  Author                   = {Sachenbacher, Martin and Leucker, Martin and Artmeier, Andreas and Haselmayr, Julian},
  Booktitle                = {AAAI},
  Year                     = {2011},

  Owner                    = {CarlosF},
  Timestamp                = {2014.12.01}
}

@Article{Sanchez2004,
  Title                    = {Application of a model of collision between cars to the analysis of compatibility and its sensitivity to the variation of certain design parameters},
  Author                   = {Sanchez, Miguel and Aparicio, Francisco},
  Journal                  = {International journal of vehicle design},
  Year                     = {2004},
  Number                   = {2},
  Pages                    = {142--157},
  Volume                   = {34},
  Owner                    = {CarlosF},
  Publisher                = {Inderscience},
  Timestamp                = {2014.12.03},
  Url                      = {http://inderscience.metapress.com/index/20qdhq32f70bbhvv.pdf}
}

@Article{Shladover2007,
  Title                    = {PATH at 20-History and major milestones},
  Author                   = {Shladover, Steven E},
  Journal                  = {IEEE Transactions on intelligent transportation systems},
  Year                     = {2007},
  Number                   = {4},
  Pages                    = {584--592},
  Volume                   = {8},
  Owner                    = {CarlosF},
  Publisher                = {New York, NY: Institute of Electrical and Electronics Engineers, c2000-},
  Timestamp                = {2014.12.03}
}

@InProceedings{Si2011,
  Title                    = {Development research about the power battery management system of pure electric vehicle},
  Author                   = {Chuan sheng Si},
  Booktitle                = {Consumer Electronics, Communications and Networks (CECNet), 2011 International Conference on},
  Year                     = {2011},
  Pages                    = {276--279},

  Doi                      = {10.1109/CECNET.2011.5769003},
  Owner                    = {CarlosF},
  Timestamp                = {2014.11.05},
  Url                      = {http://ieeexplore.ieee.org/stamp/stamp.jsp?arnumber=5769003}
}

@InProceedings{Tankari2011,
  Title                    = {{DC}-bus voltage control for multi-sources systems - Battery and Supercapacitors},
  Author                   = {Tankari, M.A. and Camara, M.B. and Dakyo, B.},
  Booktitle                = {IECON 2011 - 37th Annual Conference on IEEE Industrial Electronics Society},
  Year                     = {2011},
  Pages                    = {1270--1275},

  Doi                      = {10.1109/IECON.2011.6119491},
  Owner                    = {CarlosF},
  Timestamp                = {2014.11.20},
  Url                      = {http://ieeexplore.ieee.org/stamp/stamp.jsp?arnumber=6119491}
}

@InProceedings{Werling2008,
  Title                    = {A hardware and software framework for cognitive automobiles},
  Author                   = {Werling, M. and Goebl, M. and Pink, O. and Stiller, C.},
  Booktitle                = {Intelligent Vehicles Symposium, 2008 IEEE},
  Year                     = {2008},
  Pages                    = {1080--1085},
  Doi                      = {10.1109/IVS.2008.4621225},
  Owner                    = {CarlosF},
  Timestamp                = {2014.12.03},
  Url                      = {http://ieeexplore.ieee.org/stamp/stamp.jsp?arnumber=4621225}
}

@Article{Xia2010,
  Title                    = {CyberC3: A Prototype Cybernetic Transportation System for Urban Applications},
  Author                   = {Tingkai Xia and Ming Yang and Ruqing Yang and Chunxiang Wang},
  Journal                  = IEEE_J_ITS,
  Year                     = {2010},
  Number                   = {1},
  Pages                    = {142--152},
  Volume                   = {11},

  Doi                      = {10.1109/TITS.2009.2036151},
  Owner                    = {CarlosF},
  Timestamp                = {2014.11.20},
  Url                      = {http://ieeexplore.ieee.org/stamp/stamp.jsp?arnumber=5340529}
}

@InProceedings{Xiao2004,
  Title                    = {A real-time intelligent control to urban road intersection},
  Author                   = {Renyue Xiao and Xiang Tian and Yunhui Xiong},
  Booktitle                = {Intelligent Control and Automation, 2004. WCICA 2004. Fifth World Congress on},
  Year                     = {2004},
  Pages                    = {5217--5221},
  Volume                   = {6},
  Doi                      = {10.1109/WCICA.2004.1343716},
  Owner                    = {CarlosF},
  Timestamp                = {2014.12.03},
  Url                      = {http://ieeexplore.ieee.org/stamp/stamp.jsp?arnumber=1343716}
}

@InProceedings{Xiao2008,
  Title                    = {The research and development of the highway's electronic toll collection system},
  Author                   = {Xiao, Zhi-hong and Guan, Zong-qi and Zheng, Zi-han},
  Booktitle                = {Knowledge Discovery and Data Mining, 2008. WKDD 2008. First International Workshop on},
  Year                     = {2008},
  Organization             = {IEEE},
  Pages                    = {359--362},

  __markedentry            = {[CarlosF:]},
  Owner                    = {CarlosF},
  Timestamp                = {2014.12.03},
  Url                      = {http://ieeexplore.ieee.org/xpls/abs_all.jsp?arnumber=4470413}
}

@Comment{jabref-meta: databaseType:bibtex;}
