% Encoding: UTF-8

@PhdThesis{da2014data,
  author = {Da Cunha, Felipe Domingos and Boukerche, Azzedine and Villas, Leandro and Viana, Aline Carneiro and Loureiro, Antonio AF},
  title  = {Data communication in VANETs: a survey, challenges and applications},
  school = {INRIA Saclay; INRIA},
  year   = {2014},
}

@TechReport{VeA,
  author      = {Ramírez, Luis},
  title       = {Vehículos Autónomos},
  institution = {Universidad Católica"Nuestra Señora de la Asunción"},
  year        = {2016},
}

@TechReport{ADAS,
  author      = {Costa, Felipe},
  title       = {Advanced Driver Assistance Systems (ADAS)},
  institution = {Universidad Católica"Nuestra Señora de la Asunción"},
  year        = {2017},
}

@PhdThesis{rastelli2012agentes,
  author = {Rastelli, Joshu{\'e} P{\'e}rez},
  title  = {Agentes de control de veh{\'\i}culos aut{\'o}nomos en entornos urbanos y autov{\'\i}as},
  school = {Universidad Complutense de Madrid},
  year   = {2012},
}

@PhdThesis{anaya2016sistema,
  author = {Anaya Catal{\'a}n, Jos{\'e} Javier},
  title  = {Sistema de comunicaciones V2X para veh{\'\i}culos inteligentes como soporte para sistemas cooperativos},
  school = {ETSI\_Informatica},
  year   = {2016},
}

@PhdThesis{rocabado2013caso,
  author = {Rocabado Moreno, Sergio Hern{\'a}n},
  title  = {Caso de estudio de comunicaciones seguras sobre redes m{\'o}viles ad hoc},
  school = {Facultad de Inform{\'a}tica},
  year   = {2013},
}

@Misc{cano2008redes,
  author    = {Cano, Juan-Carlos and Calafate, Carlos T and Malumbres, Manuel P and Manzoni, Pietro},
  title     = {Redes Inal{\'a}mbricas Ad Hoc como Tecnolog{\i}a de Soporte para la Computacion Ubicua},
  year      = {2008},
  publisher = {en l{\'\i}nea] Espa{\~n}a: Departamento de Informatica de Sistemas y Computadores-Universidad Polit{\'e}cnica de Valencia [Citado el 12 de Marzo de 2007] Disponible en< http://www. grc. upv. es/calafate/download/mnovatica. pdf},
}

@Article{orozco2012redes,
  author  = {Orozco, Ana Mar{\'\i}a and Llano, Gonzalo and Michoud, Roger},
  title   = {Redes vehiculares Ad-hoc: aplicaciones basadas en simulaci{\'o}n},
  journal = {Ingenium},
  year    = {2012},
  volume  = {6},
  number  = {12},
  pages   = {11--22},
}

@Article{hartenstein2008tutorial,
  author    = {Hartenstein, Hannes and Laberteaux, LP},
  title     = {A tutorial survey on vehicular ad hoc networks},
  journal   = {IEEE Communications magazine},
  year      = {2008},
  volume    = {46},
  number    = {6},
  publisher = {IEEE},
}

@InProceedings{hofflinger1990integrated,
  author       = {Hofflinger, B and Conte, G and Esteve, D and Weisglas, P},
  title        = {Integrated electronics for automotive applications in the EUREKA program PROMETHEUS},
  booktitle    = {Solid-State Circuits Conference, 1990. ESSCIRC'90. Sixteenth European},
  year         = {1990},
  volume       = {2},
  pages        = {13--17},
  organization = {IEEE},
}

@Comment{jabref-meta: databaseType:bibtex;}
